<?xml version="1.0" encoding="UTF-8"?><collection xmlns="http://www.loc.gov/MARC21/slim"><record><leader>00378nam--2200121-i-4500</leader><controlfield tag="001">000007868</controlfield><controlfield tag="002">20161230</controlfield><controlfield tag="005">20161230201027</controlfield><controlfield tag="008">060222s1000------------r-----000-0-eng-d</controlfield><datafield ind1=" " ind2=" " tag="080"><subfield code="a">061.6:011.818</subfield></datafield><datafield ind1=" " ind2=" " tag="245"><subfield code="a">Beretning on atomenergikommissionens virksomhe d.1 april 1965 - 31 mars 1966</subfield></datafield><datafield ind1=" " ind2=" " tag="260"><subfield code="a">Kobenhavn K, I Kommission Hos Jul.Gjellerups Boghandel, 1966. 132 P</subfield></datafield><datafield ind1=" " ind2=" " tag="852"><subfield code="a">25102</subfield></datafield></record></collection>